

@article{canfield2003,
  author = {Canfield, R. L. and others},
  title = {Intellectual impairment in children with blood lead concentrations
           below 10 μg per deciliter},
  journal = {New England Journal of Medicine},
  year = {2003},
  volume = {348},
  number = {16},
  pages = {1517--1526},
}

@article{lanphear2005,
  author = {Lanphear, B. P. and others},
  title = {Low-level environmental lead exposure and children's intellectual
           function: an international pooled analysis},
  journal = {Environmental Health Perspectives},
  year = {2005},
  volume = {113},
  number = {7},
  pages = {894--899},
}

@article{bellinger2008,
  author = {Bellinger, D. C.},
  title = {Very low lead exposures and children's neurodevelopment},
  journal = {Current Opinion in Pediatrics},
  year = {2008},
  volume = {20},
  number = {2},
  pages = {172--177},
}

@article{nriagu1990,
  author = {Nriagu, J. O.},
  title = {The rise and fall of leaded gasoline},
  journal = {Science of the Total Environment},
  year = {1990},
  volume = {92},
  pages = {13--28},
}

@article{patterson1965,
  author = {Patterson, C. C.},
  title = {Contaminated and natural lead environments of man},
  journal = {Archives of Environmental Health},
  year = {1965},
  volume = {11},
  number = {3},
  pages = {344--360},
}

@article{lidsky2003,
  author = {Lidsky, T. I. and Schneider, J. S.},
  title = {Lead neurotoxicity in children: basic mechanisms and clinical
           correlates},
  journal = {Brain},
  year = {2003},
  volume = {126},
  number = {1},
  pages = {5--19},
}


@article{sanders2009,
  author = {Sanders, T. and others},
  title = {Neurotoxic effects and biomarkers of lead exposure: a review},
  journal = {Reviews on Environmental Health},
  year = {2009},
  volume = {24},
  number = {1},
  pages = {15--45},
}

@article{white2007,
  author = {White, L. D. and others},
  title = {New and evolving concepts in the neurotoxicology of lead},
  journal = {Toxicology and Applied Pharmacology},
  year = {2007},
  volume = {225},
  number = {1},
  pages = {1--27},
}



@article{bergdahl2008,
  author = {Bergdahl, I. A. and Skerfving, S.},
  title = {Biomonitoring of lead exposure—alternatives to blood},
  journal = {Journal of Toxicology and Environmental Health, Part A},
  year = {2008},
  volume = {71},
  number = {18},
  pages = {1235--1243},
}

@article{grandjean2010,
  author = {Grandjean, P.},
  title = {Even low-dose lead exposure is hazardous},
  journal = {The Lancet},
  year = {2010},
  volume = {376},
  number = {9744},
  pages = {855--856},
}

@article{tsai2011,
  author = {Tsai, P. L. and Hatfield, T. H.},
  title = {Global benefits from the phaseout of leaded fuel},
  journal = {Journal of Environmental Health},
  year = {2011},
  volume = {74},
  number = {5},
  pages = {8--14},
}

